@INPROCEEDINGS{sidijon,
   author = "I. Ben Said et al",
   title = "Système d'information pour la gestion d'un réseau d'université",
   booktitle = "JRES2001",
   year = "2001",
   address = "Lyon",
}

@INPROCEEDINGS{sirap,
   author = "L. Gydé et N. Meneceur",
   title = "SIRAP : Le système d'information du Réseau Académique Parisien",
   booktitle = "JRES2003",
   year = "2003",
   address = "Lille",
}

CECI EST UN COMMENTAIRE

INPROCEEDINGS{lothaire,
   author = "O. Lacroix",
   title = "Comment centraliser l'administration d'un réseau régional et
    fournir des inforamtions aux administrateurs des réseaux de sites~?",
   booktitle = "JRES2001",
   year = "2001",
   address = "Lyon",
}

@INPROCEEDINGS{couts,
   author = "Groupe de travail CRU",
   title = "Les réseaux universitaires : quels coûts~?",
   booktitle = "JRES2005",
   year = "2005",
   address = "Marseille",
}

@INPROCEEDINGS{dnsvrrp,
   author = "P. Pegon",
   title = "Fiabilisation d'une architecture DNS",
   booktitle = "JRES2003",
   year = "2003",
   address = "Lille",
}

@INPROCEEDINGS{webdns,
   author = "P. David and J. Benoit",
   title = "Une application pour décentraliser la gestion du DNS",
   booktitle = "JRES2003",
   year = "2003",
   address = "Lille",
}
